@incollection{hasibi2016reproducibility,
  title={On the Reproducibility of the {TagMe} Entity Linking System},
  author={Hasibi, Faegheh and Balog, Krisztian and Bratsberg, Svein Erik},
  booktitle={Advances in Information Retrieval},
  pages={436--449},
  year={2016},
  publisher={Springer}
}

@article{ling2015design,
  title={Design challenges for entity linking},
  author={Ling, Xiao and Singh, Sameer and Weld, Daniel S},
  journal={Transactions of the Association for Computational Linguistics},
  volume={3},
  pages={315--328},
  year={2015}
}

@Misc{KBP2016ReadingList,
year = {2016},
  author = 	 {Heng Ji},
  title = 	 {Entity Discovery and Linking and {Wikification} Reading List},
  howpublished = {Online},
  note = 	 {\url{http://nlp.cs.rpi.edu/kbp/2014/elreading.html}}}

@article{YamadaS0T16,
  author    = {Ikuya Yamada and
               Hiroyuki Shindo and
               Hideaki Takeda and
               Yoshiyasu Takefuji},
  title     = {Joint Learning of the Embedding of Words and Entities for Named Entity Disambiguation},
  journal   = {CoRR},
  volume    = {abs/1601.01343},
  year      = {2016},
  url       = {http://arxiv.org/abs/1601.01343},
  timestamp = {Mon, 01 Feb 2016 15:36:05 +0100},
  biburl    = {http://dblp.uni-trier.de/rec/bib/journals/corr/YamadaS0T16},
  bibsource = {dblp computer science bibliography, http://dblp.org}
}

@techreport{singh12:wiki-links,
      author    = "Sameer Singh and Amarnag Subramanya and Fernando Pereira and Andrew McCallum",
      title     = "Wikilinks: A Large-scale Cross-Document Coreference Corpus Labeled via Links to {Wikipedia}",
      institution = "University of Massachusetts, Amherst",
      number    = "UM-CS-2012-015",
      url = {http://www.iesl.cs.umass.edu/data/wiki-links},
      year      = "2012"
}

@article{hoffart2013yago2,
  title={YAGO2: A spatially and temporally enhanced knowledge base from Wikipedia},
  author={Hoffart, Johannes and Suchanek, Fabian M and Berberich, Klaus and Weikum, Gerhard},
  journal={Artificial Intelligence},
  volume={194},
  pages={28--61},
  year={2013},
  publisher={Elsevier}
}

@article{Kschischang2001,
  title={Factor graphs and the sum-product algorithm},
  author={Kschischang, Frank R and Frey, Brendan J and Loeliger, Hans-Andrea},
  journal={IEEE Transactions on Information Theory},
  volume={47},
  number={2},
  pages={498--519},
  year={2001},
  publisher={IEEE}
}

@article{Lazic2015,
  title={Plato: A Selective Context Model for Entity Resolution},
  author={Lazic, Nevena and Subramanya, Amarnag and Ringgaard, Michael and Pereira, Fernando},
  journal={Transactions of the Association for Computational Linguistics},
  volume={3},
  pages={503--515},
  year={2015}
}

@incollection{SontagNIPS10,
  AUTHOR = "D. Sontag and O. Meshi and T. Jaakkola and {A. Globerson}", 
  TITLE = "More data means less inference: A pseudo-max approach to structured learning",
  booktitle =	 "Advances in Neural Information Processing Systems  23",
  editor = {R. Zemel and J. Shawe-Taylor},
  PUBLISHER =	 "MIT Press",
  address =	 "Cambridge, MA",
  pages = "2181-2189",
   YEAR =	 "2011",
}

@inproceedings{gimpel2010softmax,
  title={Softmax-margin CRFs: Training log-linear models with cost functions},
  author={Gimpel, Kevin and Smith, Noah A},
  booktitle={Human Language Technologies: The 2010 Annual Conference of the North American Chapter of the Association for Computational Linguistics},
  pages={733--736},
  year={2010},
  organization={Association for Computational Linguistics}
}

@article{wainwright2008graphical,
  title={Graphical models, exponential families, and variational inference},
  author={Wainwright, Martin J and Jordan, Michael I},
  journal={Foundations and Trends{\textregistered} in Machine Learning},
  volume={1},
  number={1-2},
  pages={1--305},
  year={2008},
  publisher={Now Publishers Inc.}
}

@article{adagrad,
  title={Adaptive subgradient methods for online learning and stochastic optimization},
  author={Duchi, John and Hazan, Elad and Singer, Yoram},
  journal={The Journal of Machine Learning Research},
  volume={12},
  pages={2121--2159},
  year={2011},
  publisher={JMLR. org}
}

@InProceedings{neurosis,
  author    = {Weiss, David  and  Alberti, Chris  and  Collins, Michael  and  Petrov, Slav},
  title     = {Structured Training for Neural Network Transition-Based Parsing},
  booktitle = {Proceedings of the 53rd Annual Meeting of the Association for Computational Linguistics and the 7th International Joint Conference on Natural Language Processing (Volume 1: Long Papers)},
  month     = {July},
  year      = {2015},
  address   = {Beijing, China},
  publisher = {Association for Computational Linguistics},
  pages     = {323--333},
  url       = {http://www.aclweb.org/anthology/P15-1032}
}


@article{xu2015show,
  title={Show, attend and tell: Neural image caption generation with visual attention},
  author={Xu, Kelvin and Ba, Jimmy and Kiros, Ryan and Courville, Aaron and Salakhutdinov, Ruslan and Zemel, Richard and Bengio, Yoshua},
  journal={arXiv preprint arXiv:1502.03044},
  year={2015}
}

@inproceedings{chen2014fast,
  title={A Fast and Accurate Dependency Parser using Neural Networks.},
  author={Chen, Danqi and Manning, Christopher D},
  booktitle={EMNLP},
  pages={740--750},
  year={2014}
}

@article{bahdanau2014neural,
  title={Neural machine translation by jointly learning to align and translate},
  author={Bahdanau, Dzmitry and Cho, Kyunghyun and Bengio, Yoshua},
  journal={arXiv preprint arXiv:1409.0473},
  year={2014}
}

@article{nesterov2005smooth,
  title={Smooth minimization of non-smooth functions},
  author={Nesterov, Yu},
  journal={Mathematical programming},
  volume={103},
  number={1},
  pages={127--152},
  year={2005},
  publisher={Springer}
}
@article{Marcus93,
  title={{Building a large annotated corpus of English: The Penn Treebank}},
  author={Marcus, Mitchell P and Marcinkiewicz, Mary Ann and Santorini, Beatrice},
  journal={Computational linguistics},
  volume={19},
  number={2},
  pages={313--330},
  year={1993},
  publisher={MIT Press}
}

@article{Nivre07,
  title={{MaltParser: A language-independent system for data-driven dependency parsing}},
  author={Nivre, Joakim and Hall, Johan and Nilsson, Jens and Chanev, Atanas and Eryigit, G{\"u}lsen and K{\"u}bler, Sandra and Marinov, Svetoslav and Marsi, Erwin},
  journal={Natural Language Engineering},
  volume={13},
  number={02},
  pages={95--135},
  year={2007},
  publisher={Cambridge Univ Press}
}

@inproceedings{Pershina2015,
	Author = {Maria Pershina and Yifan He and Ralph Grishman},
	Booktitle = {Proc. 2015 Annual Conference of the North American Chapter of the ACL},
        Series = {NAACL HLT ’14},
	Pages = {238-243},
	Title = {{Personalized Page Rank for named entity disambiguation}},
	Year = {2015},
}

@inproceedings{Alhelbawy14,
	Author = {Ayman Alhelbawy and Robert Gaizauskas},
	Booktitle = {Proc. 52nd Annual Meeting of the Association for Computational Linguistics},
        Series = {ACL ’14},
	Pages = {75-80},
	Title = {Graph ranking for collective named entity disambiguation},
	Year = {2014},
}

@inproceedings{BollackerEPST08,
	Author = {Kurt D. Bollacker and Colin Evans and Praveen Paritosh and Tim Sturge and Jamie Taylor},
	Booktitle = {Proc. of the 2008 ACM SIGMOD International Conference on Management of Data},
	Pages = {1247-1250},
	Title = {Freebase: a collaboratively created graph database for structuring human knowledge},
	Year = {2008},
        Organization = {ACM}
}

@inproceedings{BunescuP06,
	Author = {Razvan C. Bunescu and Marius Pasca},
	Bibsource = {DBLP, http://dblp.uni-trier.de},
	Booktitle = {Proc. 11th Conference of the European Chapter of the Association for Computational Linguistics},
        Series = {EACL ’06},
	Ee = {http://acl.ldc.upenn.edu/E/E06/E06-1002.pdf},
	Title = {Using encyclopedic knowledge for named entity disambiguation},
	Year = {2006}}

@article{Chisholm2015,
        author = {Andrew Chisholm and Ben Hachey},
        title = {Entity Disambiguation with Web Links},
        journal = {Transactions of the Association for Computational Linguistics},
        volume = {3},
        year = {2015},
        keywords = {},
        issn = {2307-387X},
        url =
{https://tacl2013.cs.columbia.edu/ojs/index.php/tacl/article/view/494},
        pages = {145--156}
}

@inproceedings{Cucerzan07,
  author =       {Silviu Cucerzan},
  title =        {Large-scale named entity disambiguation based on {Wikipedia} data},
  booktitle =    {Proc. of EMNLP-CoNLL 2007},
  pages =        {708--716},
  year =         2007,
  url =          http://www.aclweb.org/anthology/D/D07/D07-1074
}


@inproceedings{Cucerzan2011,
	Author = {Silviu Cucerzan},
	Title = {{TAC} entity linking by performing full-document entity extraction and disambiguation},
        Booktitle = {In Proc. of the Text Analysis Conference},
        Series = {TAC ’11},
	Year = {2011}
}

@inproceedings{Cucerzan2012,
	Author = {Silviu Cucerzan},
	Title = {The {MSR} System for entity linking at {TAC} 2012},
        Booktitle = {In Proc. of the Text Analysis Conference},
        Series = {TAC ’12},
	Year = {2012},
}

@inproceedings{Dalton2013,
 author = {Jeffrey Dalton and Laura Dietz},
 title = {A neighborhood relevance model for entity linking},
 booktitle = {Proc. of the 10th Conference on Open Research Areas in Information Retrieval},
 year = {2013}
}


@article{Dean2008,
 author = {Dean, Jeffrey and Ghemawat, Sanjay},
 title = {{MapReduce: simplified data processing on large clusters}},
 journal = {Communications of the ACM},
 issue_date = {January 2008},
 volume = {51},
 number = {1},
 month = jan,
 year = {2008},
 issn = {0001-0782},
 pages = {107--113},
 url = {http://doi.acm.org/10.1145/1327452.1327492},
 doi = {10.1145/1327452.1327492},
 acmid = {1327492},
 publisher = {ACM},
 address = {New York, NY, USA},
} 

@inproceedings{Dredze2010,
	Author = {Mark Dredze and Paul McNamee and Delip Rao and Adam Gerber and Tim Finin},
	Bibsource = {DBLP, http://dblp.uni-trier.de},
	Booktitle = {Proc. of the 23rd International Conference on Computational Linguistics},
        Series = {COLING ’10}, 
	Ee = {http://aclweb.org/anthology/C10-1032},
	Pages = {277-285},
	Title = {Entity disambiguation for knowledge base population},
	Year = {2010}}

@inproceedings{Eisenstein11,
 author = {Jacob Eisenstein and Amr Ahmed and Eric P. Xing},
 title = {Sparse additive generative models of text},
 booktitle = {Proceedings of the 28th International Conference on Machine Learning},
 series = {ICML ’11},
 year = {2011},
pages = {1041-1048}
}

@inproceedings{Ferragina10,
  author = {Ferragina, Paolo and Scaiella, Ugo},
  biburl = {http://www.bibsonomy.org/bibtex/20f6c77887d23dfd26dbadee818ab6f78/dblp},
  booktitle = {Proc. of the 19th ACM International Conference on Information Knowledge and Management},
  series = {CIKM ’10},
  ee = {http://doi.acm.org/10.1145/1871437.1871689},
  isbn = {978-1-4503-0099-5},
  pages = {1625-1628},
  publisher = {ACM},
  title = {{TAGME: on-the-fly annotation of short text fragments (by Wikipedia entities)}},
  url = {http://dblp.uni-trier.de/db/conf/cikm/cikm2010.html#FerraginaS10},
  year = 2010}

@inproceedings{finin2009Coreference,
    author = {Tim Finin and Zareen Syed and James Mayfield and Paul McNamee and Christine Piatko},
    booktitle = {Proc. of the AAAI Spring Symposium on Learning by Reading and Learning to Read},
    citeulike-article-id = {6802135},
    organization = {AAAI Press},
    title = {{Using Wikitology for cross-document entity coreference resolution}},
    year = {2009}}

@article{Gabrilovich2007,
 author = {Gabrilovich, Evgeniy and Markovitch, Shaul},
 title = {Harnessing the Expertise of 70,000 Human Editors: Knowledge-Based Feature Generation for Text Categorization},
 journal = {Journal of Machine Learning Research},
 issue_date = {12/1/2007},
 volume = {8},
 month = dec,
 year = {2007},
 issn = {1532-4435},
 pages = {2297--2345},
 numpages = {49},
 url = {http://dl.acm.org/citation.cfm?id=1314498.1314573},
 acmid = {1314573},
 publisher = {JMLR.org}}


@article{Hachey2013130,
	Author = {Ben Hachey and Will Radford and Joel Nothman and Matthew Honnibal and James R. Curran},
	Journal = {Artificial Intelligence},
	Number = {0},
	Pages = {130 - 150},
	Title = {{Evaluating entity linking with Wikipedia}},
	Volume = {194},
	Year = {2013}}

@inproceedings{haghighi-klein:2009:EMNLP,
	Author = {Haghighi, Aria and Klein, Dan},
	Booktitle = {Proc.of the 2009 Conference on Empirical Methods in Natural Language Processing},
        Series = {EMNLP ’09},
	Publisher = {ACL},
	Title = {Simple Coreference Resolution with Rich Syntactic and Semantic Features},
	Year = {2009}}

@misc{Clueweb09,
        Author = {Jamie Hallan and Mark Hoy},
        Title = {Clueweb09 data set},
        Year = {2009},
        Howpublished = {\url{http://lemurproject.org/clueweb09/}},
}


@inproceedings{Han2011,
	Author = {Han, Xianpei and Sun, Le},
	Booktitle = {Proc. of the 49th Annual Meeting of the Association for Computational Linguistics: Human Language Technologies},
	Publisher = {ACL},
	Series = {ACLHLT ’11},
	Title = {A generative entity-mention model for linking entities with knowledge base},
	Url = {http://dl.acm.org/citation.cfm?id=2002472.2002592},
	Year = {2011},
        Volume = {1},
	Bdsk-Url-1 = {http://dl.acm.org/citation.cfm?id=2002472.2002592}
}


@inproceedings{Han11,
	Author = {Xianpei Han and Le Sun and Jun Zhao},
	Title = {{Collective entity linking in Web text: a graph-based method}},
        Booktitle = {In Proc. 34th ACM SIGIR conference on research and development in information retrieval},
        Pages = {765-774},
	Year = {2011},
        publisher = {ACM},
}

@inproceedings{HanS12,
	Author = {Xianpei Han and Le Sun},
	Bibsource = {DBLP, http://dblp.uni-trier.de},
	Booktitle = {EMNLP-CoNLL},
	Ee = {http://www.aclweb.org/anthology/D12-1010},
	Pages = {105-115},
	Title = {An entity-topic model for entity linking},
	Year = {2012}}

@inproceedings{conf/cikm/HanZ09,
  author = {Han, Xianpei and Zhao, Jun},
  biburl = {http://www.bibsonomy.org/bibtex/23f384cebfe307b950a8e0fe4ad76870b/dblp},
  booktitle = {Proc. of the 18th Conference on Information and Knowledge Management},
  series = {CIKM ’09},
  date = {2009-11-17},
  ee = {http://doi.acm.org/10.1145/1645953.1645983},
  isbn = {978-1-60558-512-3},
  keywords = {dblp},
  pages = {215-224},
  publisher = {ACM},
  timestamp = {2009-11-17T00:00:00.000+0100},
  title = {{Named entity disambiguation by leveraging Wikipedia semantic knowledge}},
  url = {http://dblp.uni-trier.de/db/conf/cikm/cikm2009.html#HanZ09},
  year = 2009}



@inproceedings{He13,
	Author = {Zhengyan He and Shujie Liu and Mu Li and Ming Zhou and Longkai Zhang and Houfeng Wang},
	Booktitle = {Proc. of the 51st Annual Meeting of the Association for Computational Linguistics},
        Series = {ACL ’13},
	Pages = {30-34},
	Title = {Learning entity representation for entity disambiguation},
	Year = {2013}}

@inproceedings{Hoffart2011,
	Author = {Hoffart, Johannes and Yosef, Mohamed Amir and Bordino, Ilaria and F\"{u}rstenau, Hagen and Pinkal, Manfred and Spaniol, Marc and Taneva, Bilyana and Thater, Stefan and Weikum, Gerhard},
	Booktitle = {Proc. of the 2011 Conference on Empirical Methods in Natural Language Processing},
	Location = {Edinburgh, United Kingdom},
	Publisher = {ACL},
	Series = {EMNLP’11},
	Title = {Robust disambiguation of named entities in text},
	Year = {2011}}

@misc{hoffart-latest-aida,
	Author = {Hoffart, Johannes and Yosef, Mohamed Amir and Bordino, Ilaria and F\"{u}rstenau, Hagen and Pinkal, Manfred and Spaniol, Marc and Taneva, Bilyana and Thater, Stefan and Weikum, Gerhard},
	Howpublished = {\url{http://www.mpi-inf.mpg.de/yago-naga/aida/index.html}},
	Title = {{AIDA: accurate online disambiguation of named entities in text and tables}},
	Year = {2013}}

@incollection{houlsby2014scalable,
  title={{A scalable Gibbs sampler for probabilistic entity linking}},
  author={Houlsby, Neil and Ciaramita, Massimiliano},
  booktitle={Advances in Information Retrieval},
  pages={335--346},
  year={2014},
  publisher={Springer}
}



@inproceedings{TAC2012,
	Author = {James Mayfield and Javier Artiles and Hoa Trang Dang},
	Title = {{Overview of the TAC 2012 knowledge base population track}},
        Booktitle = {Proc. of the 5th Text Analysis Conference},
	Year = {2012},
        Series = {TAC ’12},
        ee = {http://www.nist.gov/tac/publications/2012/additional.papers/KBP2012_overview.notebook.pdf}
}

@inproceedings{TAC2011,
	Author = {Heng Ji and Ralph Grishman and Hoa Trang Dang},
	Title = {{Overview of the TAC 2011 knowledge base population track}},
        Booktitle = {Proc. of the 4th Text Analysis Conference},
        Series = {TAC ’11},
	Year = {2011},
}

@inproceedings{TAC2010,
	Author = {Heng Ji and Ralph Grishman and Hoa Trang Dang and Kira Griffitt and Joe Ellis},
	Title = {{Overview of the TAC 2010 knowledge base population track}},
        Booktitle = {Proc. of the 3rd Text Analysis Conference},
        Series = {TAC ’10},
	Year = {2010},
}

@inproceedings{TAC2009,
	Author = {Paul McNamee and Heather Simpson and Hoa Trang Dang},
	Title = {{Overview of the TAC 2009 knowledge base population track}},
        Booktitle = {Proc. of the 2nd Text Analysis Conference},
        Series = {TAC ’09},
	Year = {2009},
}




@inproceedings{Jin:2014,
 author = {Jin, Yuzhe and Kiciman, Emre and Wang, Kuansan and Loynd, Ricky},
 title = {Entity linking at the tail: sparse signals, unknown entities, and phrase models},
 booktitle = {Proc. of the 7th ACM International Conference on Web Search and Data Mining},
 series = {WSDM '14},
 year = {2014},
 isbn = {978-1-4503-2351-2},
 location = {New York, New York, USA},
 pages = {453--462},
 numpages = {10},
 url = {http://doi.acm.org/10.1145/2556195.2556230},
 doi = {10.1145/2556195.2556230},
 acmid = {2556230},
 publisher = {ACM},
 address = {New York, NY, USA},
 keywords = {phrase language model, sparsity, tail entity linking, unknown entity, web-scale system},
}

@inproceedings{jeh2003scaling,
  title={Scaling personalized web search},
  author={Jeh, Glen and Widom, Jennifer},
  booktitle={Proceedings of the 12th international conference on World Wide Web},
  pages={271--279},
  year={2003},
  organization={ACM}
}

@inproceedings{kataria2011,
  title={Entity disambiguation with hierarchical topic models},
  author={Kataria, Saurabh S. and Kumar, Krishnan S. and Rastogi, Rajeev R. and Sen, Prithviraj and Sengamedu, Srinivasan H.},
  booktitle={Proc. of the 17th ACM SIGKDD Conference on Knowledge Discovery and Data Mining},
  pages={1037--1045},
  year={2011},
  organization={ACM}
}

@inproceedings{Klein2003,
	Author = {Dan Klein and Christopher D. Manning},
	Title = {Accurate unlexicalized parsing},
        Booktitle = {Proc. of the 41st Annual Meeting of the Association for Computational Linguistics},
        Series = {ACL ’03},
	Year = {2003},
        Pages = {423-430},
}


@inproceedings{KulkarniSRC09,
	Author = {Sayali Kulkarni and Amit Singh and Ganesh Ramakrishnan and Soumen Chakrabarti},
	Bibsource = {DBLP, http://dblp.uni-trier.de},
	Booktitle = {Proc. of the 15th ACM SIGKDD Conference on Knowledge Discovery and Data Mining},
	Ee = {http://doi.acm.org/10.1145/1557019.1557073},
	Pages = {457-466},
	Title = {{Collective annotation of Wikipedia entities in web text}},
	Year = {2009},
        organization={ACM}

}


@inproceedings{Kwiatkowski2011,
	Author = {Tom Kwiatkowski and Luke S. Zettlemoyer and Sharon Goldwater and Mark Steedman},
	Booktitle = {Proc. of the 2011 Conference on Empirical Methods in Natural Language Processing},
	Pages = {1512-1523},
	Title = {Lexical generalization in {CCG} grammar induction for semantic parsing},
	Year = {2011}}



@inproceedings{mayfield2009cross,
    author = {James Mayfield and David Alexander and Bonnie Dorr and Jason Eisner and
Tamer Elsayed and Tim Finin and Clay Fink and Marjorie Freedman and Nikesh Garera and Paul McNamee and Saif Mohammad and Douglas Oard and Christine Piatko and Asad Sayeed and Zareen Syed and Ralph Weischedel and Tan Xu and David Yarowsky},
    booktitle = {AAAI 2009 Spring Symposium on Learning by Reading and Learning to Read},
    citeulike-article-id = {6802086},
    posted-at = {2010-03-11 06:44:28},
    priority = {2},
    title = {Cross-Document Coreference Resolution: A Key Technology for Learning by Reading},
    year = {2009}}



@inproceedings{Mihalcea2007,
	Author = {Rada Mihalcea and Andras Csomai},
	Bibsource = {DBLP, http://dblp.uni-trier.de},
	Booktitle = {Proc. of the 16th ACM Conference on Information and Knowledge Management},
        Series = {CIKM ’07},
	Ee = {http://doi.acm.org/10.1145/1321440.1321475},
	Pages = {233-242},
	Title = {Wikify!: linking documents to encyclopedic knowledge},
	Year = {2007}}

@inproceedings{Milne2008,
	Author = {David N. Milne and Ian H. Witten},
	Booktitle = {Proc. of the 17th ACM Conference on Information and Knowledge Management},
        Series = {CIKM ’07},
	Ee = {http://doi.acm.org/10.1145/1458082.1458150},
	Pages = {509-518},
	Title = {{Learning to link with Wikipedia}},
	Year = {2008}}

@inproceedings{HienNguyen:2008,
	Author = {Hien T. Nguyen and Tru H. Cao},
	Bibsource = {DBLP, http://dblp.uni-trier.de},
	Booktitle = {Proc. 2008 IEEE International Conference on Research, Innovation, and Vision for the Future in Computing and Communication Technologies},
	Series = {RIVF ’08},
	Ee = {http://dx.doi.org/10.1109/RIVF.2008.4586363},
	Pages = {247-254},
        Publisher = {IEEE},
	Title = {Named entity disambiguation on an ontology enriched by {Wikipedia}},
	Year = {2008}}


@inproceedings{nguyenaida,
  title={{AIDA}-light: High-Throughput Named-Entity Disambiguation},
  author={Nguyen, Dat Ba and Hoffart, Johannes and Theobald, Martin and Weikum, Gerhard},
  booktitle = {Proc. of the Linked Data on the Web Workshop},
  year = {2014}
}


@article{Nigam:2000:TCL:347709.347724,
 author = {Nigam, Kamal and McCallum, Andrew Kachites and Thrun, Sebastian and Mitchell, Tom},
 title = {{Text classification from labeled and unlabeled documents using EM}},
 journal = {Machine Learning},
 issue_date = {May-June 2000},
 volume = {39},
 number = {2-3},
 month = may,
 year = {2000},
 issn = {0885-6125},
 pages = {103--134},
 numpages = {32},
 url = {http://dx.doi.org/10.1023/A:1007692713085},
 doi = {10.1023/A:1007692713085},
 acmid = {347724},
 publisher = {Kluwer Academic Publishers},
 address = {Hingham, MA, USA},
 keywords = {Bayesian learning, Expectation-Maximization, combining labeled and unlabeled data, integrating supervised and unsupervised learning, text classification}}


@techreport{PageRank,
        Author = {Lawrence Page and Sergey Brin and Rajeev Motwani and Terry Winograd},
        Title = {{The PageRank citation ranking: bringing order to the web}},
        Number = {SIDL-WP-1999-0120},
        Institution = {Stanford InfoLab},
        Month = {November},
        Year = {1999},
}



@misc{orr-subramanya-wiki-links,
        Author = {Orr, Dave and Subramanya, Amar and Pereira, Fernando},
        Howpublished = {\url{http://googleresearch.blogspot.com/2013/03/learning-from-big-data-40-million.html}},
        Title = {{Learning from big data: 40 million entities in context}},
        Year = {2013}}


@inproceedings{Ratinov11,
	Author = {Lev-Arie Ratinov and Dan Roth and Doug Downey and Mike Anderson},
	Bibsource = {DBLP, http://dblp.uni-trier.de},
	Booktitle = {Proc. of the 49th Annual Meeting of the Association for Computational Linguistics: Human Language Technologies},
        Series = {ACLHLT ’11},
        Publisher = {ACL},
	Ee = {http://www.aclweb.org/anthology/P11-1138},
	Pages = {1375-1384},
	Title = {Local and global algorithms for disambiguation to {Wikipedia}},
	Year = {2011}}


@inproceedings{sil2013,
  title={Re-ranking for joint named-entity recognition and linking},
  author={Sil, Avirup and Yates, Alexander},
  booktitle={Proc. of the 22nd ACM International Conference on Information \& Knowledge Management},
  series = {CIKM ’13},
  pages={2369--2374},
  year={2013},
  organization={ACM}
}


@inproceedings{Lin2012,
	Author = {Lin, Thomas and Mausam and Etzioni, Oren},
	Booktitle = {Proc. of the Joint Workshop on Automatic Knowledge Base Construction and Web-scale Knowledge Extraction},
	Series = {AKBC-WEKEX '12},
	Title = {Entity linking at web scale},
	Year = {2012}}

@inproceedings{ChengR13,
  author    = {Xiao Cheng and               Dan Roth},
  title     = {Relational Inference for Wikification},
  booktitle = {EMNLP Conference},
  pages     = {1787--1796},
  year      = {2013},
  url       = {http://aclweb.org/anthology/D/D13/D13-1184.pdf},
  timestamp = {Fri, 22 Nov 2013 12:57:23 +0100},
  biburl    = {http://dblp.uni-trier.de/rec/bib/conf/emnlp/ChengR13},
  bibsource = {dblp computer science bibliography, http://dblp.org}
}

@inproceedings{Huang2014,
  added-at = {2014-12-13T13:08:16.000+0100},
  address = {Baltimore, Maryland},
  author = {Huang, Hongzhao and Cao, Yunbo and Huang, Xiaojiang and Ji, Heng and Lin, Chin-Yew},
  biburl = {http://www.bibsonomy.org/bibtex/2c58df20ca41f51919fcadd0e8cf40dbe/gchrupala},
  booktitle = {Proceedings of the 52nd Annual Meeting of the Association for Computational Linguistics (Volume 1: Long Papers)},
  interhash = {8ad27676c21382c9d0828d93a0a9264b},
  intrahash = {c58df20ca41f51919fcadd0e8cf40dbe},
  keywords = {imported},
  month = {June},
  pages = {380--390},
  publisher = {Association for Computational Linguistics},
  timestamp = {2014-12-13T13:08:57.000+0100},
  title = {Collective Tweet Wikification based on Semi-supervised Graph Regularization},
  url = {http://www.aclweb.org/anthology/P14-1036},
  year = 2014
}
